@book{Forsyth:2002:CVM:580035,
 author = {Forsyth, David A. and Ponce, Jean},
 title = {Computer Vision: A Modern Approach},
 year = {2002},
 isbn = {0130851981},
 publisher = {Prentice Hall Professional Technical Reference},
} 

@book{szeliski2010computer,
  title={Computer vision: algorithms and applications},
  author={Szeliski, Richard},
  year={2010},
  publisher={Springer Science \& Business Media}
}


@Book{Hartley2004,
    author = "Hartley, R.~I. and Zisserman, A.",
    title = "Multiple View Geometry in Computer Vision",
    edition = "Second",
    year = "2004",
    publisher = "Cambridge University Press, ISBN: 0521540518"
} 

